@inproceedings{hendrickx,
  author={Hendrickx, R. and Zoutendijk, M. and Mitici, M. and Schäfer, J.},
  booktitle={2021 IEEE/AIAA 40th Digital Avionics Systems Conference (DASC)}, 
  title={Considering Airport Planners’ Preferences and Imbalanced Datasets when Predicting Flight Delays and Cancellations}, 
  year={2021},
  pages={1-10},
  publisher={IEEE},
  doi={10.1109/DASC52595.2021.9594367}
}

@article{kim,
  title={Prediction of flight departure delays caused by weather conditions adopting data‑driven approaches},
  author={Kim, S. and Park, E.},
  journal={Journal of Big Data},
  volume={11},
  year={2024},
  doi={10.1186/s40537-023-00867-5}
}

@inproceedings{choi,
  author={Choi, S. and Kim, Y. J. and Briceno, S. and Mavris, D.},
  booktitle={2016 IEEE/AIAA 35th Digital Avionics Systems Conference (DASC)}, 
  title={Prediction of weather-induced airline delays based on machine learning algorithms}, 
  year={2016},
  pages={1-6},
  doi={10.1109/DASC.2016.7777956}
}

@inproceedings{Mavris,
  author={Kim, Y. J. and Choi, S. and Briceno, S. and Mavris, D.},
  booktitle={2016 IEEE/AIAA 35th Digital Avionics Systems Conference (DASC)}, 
  title={A deep learning approach to flight delay prediction}, 
  year={2016},
  volume={},
  number={},
  pages={1-6},
  doi={10.1109/DASC.2016.7778092}
}

% XXX add booktitle for inproceedings
@inproceedings{Tang,
  author={Tang, Y.},
  booktitle={2021 5th International Conference on E-Business and Internet (ICEBI 2021)}, 
  title={Airline Flight Delay Prediction Using Machine Learning Models},
  year={2022},
  pages={151-154},
  doi={10.1145/3497701.3497725}}
}
@inproceedings{Sujay,
  author={Sujay, V. and Lalitha, S and Sreedhar, S. S. and Omotunde, H. and Vijaya, S. and Mery, K. P.},
  booktitle={2024 International Conference on Integrated Circuits and Communication Systems (ICICACS)}, 
  title={Enhancing Hyperparameters for Improved Flight Delay Prediction Using Machine Learning Algorithms}, 
  year={2024},
  pages={1-5},
  doi={10.1109/ICICACS60521.2024.10498678}}


@article{MAmdouh,
  author={Mamdouh, M. and Ezzat, M. and A. Hefny, H.},
  journal={Journal of Big Data}, 
  title={A novel intelligent approach for flight delay prediction}, 
  volume = {10},
  year={2023},
  month = {12},
  day ={21},
  doi={10.1186/s40537-023-00854-w}}


@article{Etani,
  author={Etani, N.},
  journal={Journal of Big Data}, 
  title={Development of a predictive model for on-time arrival flight of airliner by discovering correlation between flight and weather data}, 
  year={2019},
  doi={10.1186/s40537-019-0251-y}}
}

@misc{Tyagi,
  title={Liquid Neural Networks: Revolutionizing AI with Dynamic Information Flow},
  author={Tyagi, B.},
  year={2023},
  month={Jul},
  day={13},
  howpublished ="\url{https://tyagi-bhaumik.medium.com/liquid-neural-networks-revolutionizing-ai-with-dynamic-information-flow-30e27f1cc912}",
  note = "[Online; Last access 03/06/2024]"
}

@misc{Sajid,
  title={Liquid Neural Networks: Definition, Applications, \& Challenges - Unite.AI},
  author={Sajid, H.},
  year={2023},
  month={May},
  day={31},
  howpublished ="\url{https://www.unite.ai/liquid-neural-networks-definition-applications-challenges/}",
  note = "[Online; Last access 03/06/2024]"
}

%misc
@misc{Boesch,
  title={What are Liquid Neural Networks?},
  author={Boesch, G.},
  year={2024},
  month={May},
  day={17},
  howpublished ="\url{https://viso.ai/deep-learning/what-are-liquid-neural-networks/}"
}

@misc{Keary,
  title={Liquid Neural Network (LNN)},
  author={Keary, T.},
  year={2023},
  month={Sep},
  day={25},
  howpublished="\url{https://www.techopedia.com/definition/liquid-neural-network}",
  note = "[Online; Last access 03/06/2024]"
}

@misc{Klu,
  title={F-Score: What are Accuracy, Precision, Recall, and F1 Score?},
  author={Klu},
  year = 2024,
  howpublished="\url{https://klu.ai/glossary/accuracy-precision-recall-f1}"
}

% XXX change to book
@misc{Harikri,
  title={Confusion Matrix, Accuracy, Precision, Recall, F1 Score},
  author={Harikrishnan, N. B.},
  year={2019},
  month={Dec},
  day={10},
  howpublished="\url{https://medium.com/analytics-vidhya/confusion-matrix-accuracy-precision-recall-f1-score-ade299cf63cd}"
}

@misc{bts_datacollection,
  title = {US Bureau of Transportation Statistics},
  howpublished = "\url{https://transtats.bts.gov/DL_SelectFields.aspx?gnoyr_VQ=FGJ&QO_fu146_anzr=b0-gvzr}",
  year = {2024}, 
  note = "[Online; Last access 03/06/2024]"
}


@misc{weather_underground,
  title = {US Weather Underground},
  howpublished = "\url{https://www.wunderground.com/history/daily/us/ny/new-york-city/KJFK}",
  year = {2024}, 
  note = "[Online; Last access 03/06/2024]"
}

@misc{crossentropyloss_equation,
  title = {Cross-Entropy Loss Function},
  author={Koech, K.E.},
  howpublished = "\url{https://towardsdatascience.com/cross-entropy-loss-function-f38c4ec8643e}",
  year = {2020},
  month = {Oct},
  note = "[Online; Last access 23/06/2024]"
}

@misc{crossentropyloss,
  title = {What Is Cross-Entropy Loss Function?},
  howpublished = "\url{https://365datascience.com/tutorials/machine-learning-tutorials/cross-entropy-loss/#1}",
  year = {2023},
  month = {Jun},
  note = "[Online; Last access 23/06/2024]"
}

@misc{NN_structure,
  title = {Basic Understanding of Neural Network Structure},
  howpublished = "\url{https://medium.com/@sarita_68521/basic-understanding-of-neural-network-structure-eecc8f149a23}",
  year = {2023},
  month = {Oct},
  note = "[Online; Last access 23/06/2024]"
}

@misc{Adam_optimizer,
  title = {What is Adam Optimizer?},
  howpublished = "\url{https://www.geeksforgeeks.org/adam-optimizer/}",
  year = {2024},
  month = {Mar},
  note = "[Online; Last access 23/06/2024]"
}

@misc{Adam_optimizer1,
  title = {Demystifying the Adam Optimizer in Machine Learning},
  howpublished = "\url{https://medium.com/@weidagang/demystifying-the-adam-optimizer-in-machine-learning-4401d162cb9e}",
  year = {2024},
  month = {Jan},
  note = "[Online; Last access 23/06/2024]"
}

@misc{leaky_relu_equation,
  title = {Pytorch - LeakyReLU},
  howpublished = "\url{https://pytorch.org/docs/stable/generated/torch.nn.LeakyReLU.html}",
  year = {2024},
  note = "[Online; Last access 23/06/2024]"
}

@misc{leaky_relu,
  title = {What is Leaky ReLU ?},
  howpublished = "\url{https://www.educative.io/answers/what-is-leaky-relu}",
  year = {2024},
  note = "[Online; Last access 23/06/2024]"
}

@misc{leaky_relu1,
  title = {Activation functions: ReLU vs. Leaky ReLU},
  howpublished = "\url{https://medium.com/@sreeku.ralla/activation-functions-relu-vs-leaky-relu-b8272dc0b1be}",
  year = {2023},
  month = {Mar},
  note = "[Online; Last access 23/06/2024]"
}

@misc{learning_rate,
  title = {Understanding Learning Rate},
  howpublished = "\url{https://towardsdatascience.com/https-medium-com-dashingaditya-rakhecha-understanding-learning-rate-dd5da26bb6de
}",
  year = {2019},
  month = {Jun},
  note = "[Online; Last access 23/06/2024]"
}


@misc{ODE1,
  title = {Liquid Neural Network : A adaptive way to train ML model},
  author = {Prakash, V.},
  howpublished = "\url{https://ved933409.medium.com/liquid-neural-network-a-adaptive-way-to-train-ml-model-b6922d755066
}",
  year = {2023},
  month = {Aug},
  note = "[Online; Last access 21/07/2024]"
}

@misc{ODE2,
  title = {Neural ODE (Part-1)},
  howpublished = "\url{https://medium.com/@theneuralduck/neural-ode-part-1-f9a9f0e49385
}",
  year = {2023},
  month = {Jun},
  note = "[Online; Last access 21/07/2024]"
}

@misc{solver,
  title = {scipy.intégrer.ode},
  howpublished = "\url{https://docs.scipy.org/doc/scipy/reference/generated/scipy.integrate.ode.html
}",
  year = {2023},
  month = {Jun},
  note = "[Online; Last access 21/07/2024]"
}

@misc{Liquidlayer,
  title = {What are Liquid Neural Networks?},
  author = {Boesch, G.},
  howpublished = "\url{https://viso.ai/deep-learning/what-are-liquid-neural-networks/}",
  year = {2024},
  month = {May},
  note = "[Online; Last access 21/07/2024]"
}




@misc{SMOTE_Algorithm,
  title = {SMOTE implementation in PySpark},
  howpublished = "\url{https://medium.com/@hwangdb/smote-implementation-in-pyspark-76ec4ffa2f1d
}",
  year = {2020},
  month = {Aug},
  note = "[Online; Last access 22/07/2024]"
}

@misc{SMOTE_Algorithm1,
  title = {SMOTE},
  howpublished = "\url{https://www.cs.cmu.edu/afs/cs/project/jair/pub/volume16/chawla02a-html/node6.html
}",
  year = {2002},
  month = {Feb},
  note = "[Online; Last access 22/07/2024]"
}

@misc{Tanh1,
  title = {Tanh Activation},
  howpublished = "\url{https://paperswithcode.com/method/tanh-activation#:~:text=Tanh%20Activation%20is%20an%20activation,for%20multi%2Dlayer%20neural%20networks.
}",
  year = {2024},
  note = "[Online; Last access 25/07/2024]"
}

@misc{Tanh2,
  title = {Activation Functions in Neural Networks},
  author = {Sharma, S.},
  howpublished = "\url{https://towardsdatascience.com/activation-functions-neural-networks-1cbd9f8d91d6
}",
  year = {2017},
  month = {Sep},
  note = "[Online; Last access 25/07/2024]"
}

@misc{Tanh3,
  title = {What is the tanh activation function?},
  author = {Chidalu, O. T.},
  howpublished = "\url{https://www.educative.io/answers/what-is-the-tanh-activation-function
}",
  year = {2023},
  note = "[Online; Last access 25/07/2024]"
}

@misc{delay_costs,
  title = {U.S. Passenger Carrier Delay Costs},
  howpublished = "\url{https://www.airlines.org/dataset/u-s-passenger-carrier-delay-costs/#:~:text=Assuming%20%2447%20per%20hour*%20as,2019%20to%20be%20%2433%20billion.
}",
  year = {2024},
  month = {Jul},
  note = "[Online; Last access 27/07/2024]"
}


@misc{ICAO,
  title = {Air transport, passengers carried},
  howpublished = "\url{https://data.worldbank.org/indicator/IS.AIR.PSGR}",
  year = {2022},
  note = "[Online; Last access 28/07/2024]"
}

@misc{Flightradar24,
  title = {Flight tracking statistics},
  howpublished = "\url{https://www.flightradar24.com/data/statistics}",
  year = {2024},
  note = "[Online; Last access 28/07/2024]"
}

@misc{BTS_flight_delays,
  title = {Airline On-Time Performance and Causes of Flight Delays},
  howpublished = "\url{https://www.bts.gov/explore-topics-and-geography/topics/airline-time-performance-and-causes-flight-delays}",
  year = {2021},
  month = {Mar},
  note = "[Online; Last access 28/07/2024]"
}

@misc{BTS_flight_delays_statistics,
  title = {Airline On-Time Statistics and Delay Causes},
  howpublished = "\url{https://www.transtats.bts.gov/OT_Delay/ot_delaycause1.asp?qv52ynB=qn6n&20=E}",
  year = {2024},
  note = "[Online; Last access 28/07/2024]"
}

@misc{AirHelp,
  title = {Cost of disrupted flights to the economy},
  howpublished = "\url{https://img.airhelp.com/Documents/AH_disruption_economic_cost.pdf?updatedAt=1695047330127}",
  year = {2022},
  note = "[Online; Last access 28/07/2024]"
}

@misc{BTS_flight_delays1,
  title = {Understanding the Reporting of Causes of Flight Delays and Cancellations},
  howpublished = "\url{https://www.bts.gov/topics/airlines-and-airports/understanding-reporting-causes-flight-delays-and-cancellations}",
  year = {2024},
  month = {Apr},
  note = "[Online; Last access 28/07/2024]"
}

@misc{Weather_forecast,
  title = {How Accurate Are Weather Forecasts? 5 Reasons For Inaccuracy},
  howpublished = "\url{https://tempest.earth/resources/how-accurate-are-weather-forecasts/#:~:text=The%20accuracy%20of%20weather%20predictions,that%20the%20weather%20will%20change.}",
  year = {2024},
  march = {Mar},
  note = "[Online; Last access 28/07/2024]"
}

@misc{Anupkumar,
  title = {Investigating the costs and economic impact of flight delays in the aviation industry and the potential strategies for reduction},
  author={Anupkumar, A.},
  howpublished = "\url{https://scholarworks.lib.csusb.edu/cgi/viewcontent.cgi?article=2885&context=etd}",
  year = {2023},
  month = {May},
  note = "[Online; Last access 23/06/2024]"
}


@misc{motivation_environment,
  title = {What exactly is the environmental impact of flight disruptions?},
  howpublished = "\url{https://www.airhelp.com/en-int/blog/what-exactly-is-the-environmental-impact-of-flight-disruptions/}",
  year = {2023},
  march = {Oct},
  note = "[Online; Last access 28/07/2024]"
}

@inproceedings{Song2020,
  author    = {Song, C. and Guo, J. and Zhuang, J.},
  title     = {Analyzing passengers’ emotions following flight delays—A 2011–2019 case study on SKYTRAX comments},
  booktitle = {Journal of Air Transport Management},
  year      = {2020},
  month     = {Oct},
  volume    = {89},
  doi       = {10.1016/j.jairtraman.2020.101903}
}

@inproceedings{Efthymiou2019,
  author    = {Efthymiou, M. and Njoya, E. T. and Lo, P. L. and Papatheodorou, A. and Randall, D.},
  title     = {The impact of delays on customers’ satisfaction: An empirical analysis of the British Airways on-time performance at Heathrow Airport},
  booktitle = {Journal of Aerospace Technology and Management},
  year      = {2018},
  month     = {Dec},
  volume    = {11},
  doi       = {10.5028/jatm.v11.977}
}

@inproceedings{Hatipoglu2024,
  author    = {Hat{\i}po{\"{g}}lu, I. and Tosun, {\"O}.},
  booktitle = {Applied Sciences},
  title     = {Predictive Modeling of Flight Delays at an Airport Using Machine Learning Methods},
  year      = {2024},
  doi       = {10.3390/app14135472}
}

@misc{learning_rate1,
  title = {Understand the Impact of Learning Rate on Neural Network Performance},
  author = {Brownlee, J.},
  howpublished = "\url{https://machinelearningmastery.com/understand-the-dynamics-of-learning-rate-on-deep-learning-neural-networks/}",
  year = {2020},
  march = {Sep},
  note = "[Online; Last access 29/07/2024]"
}

@misc{Epochs_batch,
  title = {Epoch : An essential notion in real-time programming},
  howpublished = "\url{https://datascientest.com/en/epoch-an-essential-notion}",
  year = {2023},
  march = {Jun},
  note = "[Online; Last access 29/07/2024]"
}

@misc{Epochs_batch1,
  title = {Epoch in Machine Learning},
  howpublished = "\url{https://www.geeksforgeeks.org/epoch-in-machine-learning/}",
  year = {2024},
  march = {Mar},
  note = "[Online; Last access 29/07/2024]"
}

@misc{Epochs_batch2,
  title = {Epochs, Batch Size, Iterations - How are They Important to Training AI and Deep Learning Models},
  howpublished = "\url{https://www.sabrepc.com/blog/Deep-Learning-and-AI/Epochs-Batch-Size-Iterations}",
  year = {2023},
  march = {Feb},
  note = "[Online; Last access 29/07/2024]"
}

@misc{Hyperparameters,
  title = {Setup Neural Networks Hyperparameters for Best Results},
  howpublished = "\url{https://www.linkedin.com/pulse/setup-neural-networks-hyperparameters-best-results-takbiri}",
  year = {2022},
  march = {Dec},
  note = "[Online; Last access 29/07/2024]"
}

@misc{Hyperparameters1,
  title = {Hyperparameters Tuning in Neural Networks},
  author = {Sivakumar, D.},
  howpublished = "\url{https://www.scaler.com/topics/deep-learning/neural-network-hyperparameters-tuning/}",
  year = {2023},
  march = {May},
  note = "[Online; Last access 29/07/2024]"
}

@misc{Gradient,
  title = {All about Gradient Descent, Vanishing Gradient Descent and Exploding Gradient Descent},
  author = {Jain, A.},
  howpublished = "\url{https://medium.com/@abhishekjainindore24/all-about-gradient-descent-vanishing-gradient-descent-and-exploding-gradient-descent-4bd112c9a4e4}",
  year = {2024},
  march = {Feb},
  note = "[Online; Last access 29/07/2024]"
}

@misc{Confusion_matrix1,
  title = {Understanding the Confusion Matrix in Machine Learning},
  howpublished = "\url{https://www.geeksforgeeks.org/confusion-matrix-machine-learning/}",
  year = {2024},
  march = {Jul},
  note = "[Online; Last access 29/07/2024]"
}

@misc{Confusion_matrix2,
  title = {How to interpret a confusion matrix for a machine learning model},
  howpublished = "\url{https://www.evidentlyai.com/classification-metrics/confusion-matrix}",
  year = {2024},
  note = "[Online; Last access 29/07/2024]"
}

@misc{Overfitting,
  title = {Learning Curve to identify Overfitting and Underfitting in Machine Learning},
  author = {Muralidhar, K.},
  howpublished = "\url{https://towardsdatascience.com/learning-curve-to-identify-overfitting-underfitting-problems-133177f38df5}",
  year = {2021},
  Month = {Feb}, 
  note = "[Online; Last access 29/07/2024]"
}

@inproceedings{Schultz2021,
  author    = {Schultz, M. and Reitmann, S. and Alam, S.},
  title     = {Predictive classification and understanding of weather impact on airport performance through machine learning},
  booktitle = {Transportation Research Part C: Emerging Technologies},
  year      = {2021},
  month     = {Oct},
  volume    = {131},
  doi       = {10.1016/j.trc.2021.103119}
}

@misc{Selenium,
  title = {How to Use Selenium to Web-Scrape with Example},
  author = {Pfalzgraf, B.},
  howpublished = "\url{https://towardsdatascience.com/how-to-use-selenium-to-web-scrape-with-example-80f9b23a843a}",
  year = {2020},
  Month = {Mar}, 
  note = "[Online; Last access 04/08/2024]"
}

@misc{Encoding,
  title = {An Introduction to Data Encoding and Decoding in Data Science},
  author = {Chaudhary, R. A.},
  howpublished = "\url{https://www.sitepoint.com/data-encoding-decoding-data-science-introduction/}",
  year = {2023},
  Month = {Jul}, 
  note = "[Online; Last access 04/08/2024]"
}

@misc{LabelEncoding,
  title = {What is label encoding? Application of label encoder in machine learning and deep learning models},
  author = {Kumar, S.},
  howpublished = "\url{https://www.analyticsvidhya.com/blog/2020/03/one-hot-encoding-vs-label-encoding-using-scikit-learn/}",
  year = {2024},
  Month = {Jan}, 
  note = "[Online; Last access 04/08/2024]"
}

@misc{Normalisation,
  title = {What is Normalization in Machine Learning? A Comprehensive Guide to Data Rescaling},
  howpublished = "\url{https://www.datacamp.com/tutorial/normalization-in-machine-learning}",
  year = {2024},
  Month = {Jan}, 
  note = "[Online; Last access 04/08/2024]"
}

@misc{MinMax,
  title = {How to apply Min-Max Normalization to your data},
  author = {Gupta, S.},
  howpublished = "\url{https://sourabharsh.medium.com/how-to-apply-min-max-normalization-to-your-data-f976d1633d2b}",
  year = {2022},
  Month = {Jan}, 
  note = "[Online; Last access 04/08/2024]"
}

@misc{Mutualinformation,
  title = {An Intuitive View on Mutual Information},
  author = {Chang, M.},
  howpublished = "\url{https://towardsdatascience.com/an-intuitive-view-on-mutual-information-db0655535f84}",
  year = {2024},
  Month = {Mar}, 
  note = "[Online; Last access 04/08/2024]"
}

@misc{Mutualinformation1,
  title = {Mutual Information Score},
  howpublished = "\url{https://scikit-learn.org/stable/modules/generated/sklearn.metrics.mutual_info_score.html}",
  year = {2024},
  note = "[Online; Last access 04/08/2024]"
}

@misc{LSTM1,
  title = {What is LSTM – Long Short Term Memory?},
  howpublished = "\url{https://www.geeksforgeeks.org/deep-learning-introduction-to-long-short-term-memory/}",
  year = {2024},
  month = {Jun},
  note = "[Online; Last access 12/08/2024]"
}

@misc{LSTM2,
  title = {What is LSTM? Introduction to Long Short-Term Memory},
  author = {Saxena, S.} ,
  howpublished = "\url{https://www.analyticsvidhya.com/blog/2021/03/introduction-to-long-short-term-memory-lstm/}",
  year = {2024},
  month = {Aug},
  note = "[Online; Last access 12/08/2024]"
}

@misc{LSTM3,
  title = {LSTM — Implementation, Advantages and Diadvantages},
  author = {Srivatsavaya, P.} ,
  howpublished = "\url{https://medium.com/@prudhviraju.srivatsavaya/lstm-implementation-advantages-and-diadvantages-914a96fa0acb}",
  year = {2023},
  month = {Oct},
  note = "[Online; Last access 12/08/2024]"
}

@misc{MLP1,
  title = {What is Multilayer Perceptron?},
  howpublished = "\url{https://deepchecks.com/glossary/multilayer-perceptron/}",
  year = {2023},
  note = "[Online; Last access 12/08/2024]"
}

@misc{MLP2,
  title = {Multilayer Perceptron in Machine Learning},
  author = {Shah, E.},
  howpublished = "\url{https://www.scaler.com/topics/multilayer-perceptron/}",
  year = {2024},
  month = {Apr},
  note = "[Online; Last access 12/08/2024]"
}

@misc{MLP3,
  title = {What is a multilayer perceptron (MLP) neural network?},
  howpublished = "\url{https://www.shiksha.com/online-courses/articles/understanding-multilayer-perceptron-mlp-neural-networks/#art}",
  year = {2024},
  month = {Jan},
  note = "[Online; Last access 12/08/2024]"
}

@misc{MLP4,
  title = {Multilayer Perceptron (MLP)},
  howpublished = "\url{https://blog.marketmuse.com/glossary/multilayer-percpetron-definition/}",
  year = {2024},
  note = "[Online; Last access 12/08/2024]"
}

@misc{TargetVariable,
  title = {Multilayer Perceptron (MLP)},
  author = {Sharma, J.} ,
  howpublished = "\url{https://medium.com/@jkumarsharma998/features-and-target-variable-e8bf6a716c5e}",
  year = {2023},
  month = {Nov}, 
  note = "[Online; Last access 12/08/2024]"
}

@misc{EDA,
  title = {What is exploratory data analysis (EDA)?},
  howpublished = "\url{https://www.ibm.com/topics/exploratory-data-analysis}",
  year = {2023},
  note = "[Online; Last access 13/08/2024]"
}

@inproceedings{Bengio2012,
author="Bengio, Y.",
title="Practical Recommendations for Gradient-Based Training of Deep Architectures",
bookTitle="Neural Networks: Tricks of the Trade: Second Edition",
year="2012",
publisher="Springer Berlin Heidelberg",
pages="437--478",
doi="10.1007/978-3-642-35289-8_26",
url="https://doi.org/10.1007/978-3-642-35289-8_26"
}
